<record><leader>00000cas a2200000 a 4500</leader><controlfield tag="001">10284132</controlfield><controlfield tag="008">840110d19821982hiuwr ne      0   a0eng d</controlfield><datafield ind1=" " ind2=" " tag="010"><subfield code="a">sn 85047064 </subfield></datafield><datafield ind1=" " ind2=" " tag="040"><subfield code="a">HUH</subfield><subfield code="b">eng</subfield><subfield code="c">HUH</subfield><subfield code="d">HWN</subfield><subfield code="d">OCL</subfield><subfield code="d">OCLCQ</subfield><subfield code="d">OCLCF</subfield><subfield code="d">OCLCO</subfield></datafield><datafield ind1=" " ind2=" " tag="042"><subfield code="a">msc</subfield></datafield><datafield ind1=" " ind2=" " tag="043"><subfield code="a">n-us-hi</subfield></datafield><datafield ind1=" " ind2=" " tag="090"><subfield code="a">DU628.M3</subfield><subfield code="b">M386</subfield></datafield><datafield ind1="0" ind2="4" tag="245"><subfield code="a">The Maui reporter.</subfield></datafield><datafield ind1=" " ind2=" " tag="260"><subfield code="a">Wailuku, Hawaii :</subfield><subfield code="b">A.R. Skenderian,</subfield><subfield code="c">1982.</subfield></datafield><datafield ind1=" " ind2=" " tag="300"><subfield code="a">1 v. :</subfield><subfield code="b">ill. ;</subfield><subfield code="c">41 cm.</subfield></datafield><datafield ind1=" " ind2=" " tag="310"><subfield code="a">Weekly</subfield></datafield><datafield ind1="0" ind2=" " tag="362"><subfield code="a">Vol. 1, issue 1 (July 21, 1982)-</subfield></datafield><datafield ind1="1" ind2=" " tag="362"><subfield code="a">Ceased with Dec. 15, 1982 issue.</subfield></datafield><datafield ind1=" " ind2=" " tag="500"><subfield code="a">Editor: P. Marshall.</subfield></datafield><datafield ind1=" " ind2="0" tag="651"><subfield code="a">Maui (Hawaii)</subfield><subfield code="v">Periodicals.</subfield></datafield><datafield ind1=" " ind2="7" tag="655"><subfield code="a">Periodicals.</subfield><subfield code="2">fast</subfield><subfield code="0">(OCoLC)fst01411641</subfield></datafield><datafield ind1=" " ind2="7" tag="651"><subfield code="a">Hawaii</subfield><subfield code="z">Maui.</subfield><subfield code="2">fast</subfield><subfield code="0">(OCoLC)fst01239574</subfield></datafield><datafield ind1=" " ind2=" " tag="752"><subfield code="a">United States</subfield><subfield code="b">Hawaii</subfield><subfield code="c">Maui</subfield><subfield code="d">Wailuku.</subfield></datafield></record>